% Encoding: UTF-8

%%% Examples
@ARTICLE{aizawa_groundwater_2009,
  author = {K. Aizawa and Y. Ogawa and T. Ishido},
  title = {Groundwater flow and hydrothermal systems within volcanic edifices:
	Delineation by electric self-potential and magnetotellurics},
  journal = {J. Geophys. Res.},
  year = {2009},
  volume = {114},
  abstract = {The imaging of hydrothermal systems within volcanoes is critical in
	evaluating the nature and likelihood of future volcanic activity
	and hazard assessment. In this study, we present a conceptual model
	of the hydrothermal system in a volcanic edifice, as deduced from
	the relationship between electric self-potential {(SP)} and high-resolution
	resistivity structures. In order to develop a comprehensive model
	of water flow in volcanoes, we conducted the audiofrequency (10,000-0.3
	Hz) magnetotelluric surveys in five large stratovolcanoes {(Iwate,}
	Iwaki, Nasu, Nantai, and {Nikko-Shirane)} in Japan and found that
	the obtained {2-D} resistivity profiles have a close relationship
	to the previously reported {SP} data: good extensive conductors occur
	beneath areas without {SP} anomalies, whereas good localized conductors
	only occur beneath large spatial wavelength {SP} anomalies on the
	volcano side of the {SP} minimum. Also taking into account the locations
	of surface geothermal activity, the good conductors roughly correspond
	to the hydrothermal zone, whose upper limit is sealed by a low-permeability
	clay layer. The sealing layer separates an upper groundwater flow
	from a lower hydrothermal flow in the subsurface and controls the
	geothermal manifestations and river locations on the surface. We
	confirmed the feasibility of the proposed model based on numerical
	simulations of a hydrothermal system. The horizontal extent of the
	hydrothermal zone is highly heterogeneous even in a volcanic edifice.
	This heterogeneity can reflect the geological age of flanks that
	may be related to the occurrence of a previous large sector collapse.},
  annote = {exported from refbase (http://demo.refbase.net/show.php?record=30633),
	last updated on Tue, 17 Mar 2009 13:49:58 +0100},
  doi = {10.1029/2008JB005910},
  keywords = {1829 Hydrology: Groundwater hydrology, 8424 Volcanology: Hydrothermal
	systems, 8488 Volcanology: Volcanic hazards and risks, groundwater
	flow, hydrothermal system, magnetotellurics, resistivity structure,
	sector collapse, self-potential},
  shorttitle = {{Groundwater flow and hydrothermal systems within volcanic edifices}}
}

@BOOK{harel_rzecz_2008,
  title = {{Rzecz O Istocie Informatyki: Algorytmika}},
  publisher = {Wydawnictwa {Naukowo-Techniczne}},
  year = {2008},
  author = {David Harel and Yishai A Feldman and Zdzisław Płoski},
  series = {Klasyka Informatyki},
  address = {Warszawa},
  edition = {Wyd. 4 zm., rozsz},
  isbn = {9788320432954},
  lccn = {334000},
  shorttitle = {{Rzecz O Istocie Informatyki}}
}

@ARTICLE{kaleta_damping_2005,
  author = {J. Kaleta and P. Kijak and P. Zajac},
  title = {{Damping identification of magnetorheological elastomers. 22nd {DANUBIA-ADRIA}}
	Symposium on Experimental Methods in Solid Mechanics},
  journal = {Parma. Italy},
  year = {2005}
}

@INPROCEEDINGS{kaleta_experimental_2005,
  author = {J. Kaleta and D. Lewandowski and P. Zajac},
  title = {Experimental Identification of Magnetorheological Composites and
	Elastomers Properties},
  booktitle = {{Materials Science Forum}},
  year = {2005},
  volume = {482},
  pages = {403--406},
  publisher = {Aedermannsdorf, Switzerland: Trans Tech Publications, 1984-}
}

@MISC{moskwa_rozwj_2009,
  author = {Krzysztof Moskwa and Piotr Rossa},
  title = {Rozwój bibliotek cyfrowych i repozytoriów elektronicznych na Dolnym
	Śląsku w latach 2004-2008},
  howpublished = {\url{http://eprints.rclis.org/17102/}},
  month = oct,
  year = {2009},
  note = {{DEVELOPMENT} {OF} {DIGITAL} {LIBRARIES} {AND} {ELECTRONIC} {REPOSITORIES}
	{IN} {LOWER} {SILESIA} {IN} {YEARS} 2004-2008 [title]. In following
	elaboration were presented digital libraries and electronic repositories
	operating in Lower Silesia region in years 2004-2008. General description
	of character and size of their collections was presented, as well
	as standards and methods of digital collections management and juridical
	aspects of this management. Potential of usage of digital collections
	in regional scientific researches was described.},
  keywords = {{ED.} Intellectual property: author's rights, ownership, copyright,
	copyleft., {HL.} Databases and database Networking., {HP.} e-resources.,
	{HS.} Repositories., {IF.} Information transfer: protocols, formats,
	techniques., {LJ.} Software.},
  type = {Book Chapter},
  url = {http://eprints.rclis.org/17102/}
}

@MISC{myszka_latex_2009,
  author = {Wojtek Myszka},
  title = {{{LaTeX} okiem redaktora (1)}},
  month = sep,
  year = {2009},
  journal = {Zapiski starego zgreda},
  keywords = {{DTP,} {LaTeX}},
  url = {\url{http://staryzgred.blogspot.com/2009/09/latex-okiem-redaktora-1.html}}
}

@MISC{wojciech_myszka_program_????,
  author = {Wojciech Myszka},
  title = {{Program kursu {INM6816L} w roku akademickim 2008/2009}},
  howpublished = {{file:///home/myszka/Dokumenty/sandbox/aaa.html}},
  url = {file:///home/myszka/Dokumenty/sandbox/aaa.html}
}

@MISC{wojciech_myszka_minimalny_2009,
  author = {Wojciech Myszka},
  title = {{Minimalny zestaw metadanych rozpoznawany przez Zotero}},
  howpublished = {{file:///home/myszka/Dokumenty/MindMaps/metadata.html}},
  month = may,
  year = {2009},
  note = {Materialy pomocnicze do seminarium},
  keywords = {Zotero},
  type = {Text},
  url = {file:///home/myszka/Dokumenty/MindMaps/metadata.html}
}

@BOOK{tp-11-latex,
  title = {Praca magisterska i dyplomowa z programem LaTeX. Jak szybko tworzyć
	profesjonalnie wyglądające dokumenty},
  publisher = {Wolters Kluwer Polska},
  year = {2011},
  author = {Tomasz Przechlewski},
  address = {Warszawa},
  note = {Przykłady wykorzystania można znaleźć w: \url{http://www.ctan.org/pkg/przechlewski-book}},
  isbn = {978-83-264-1441-1}
}

@MISC{jerzy_witek_praca_2006,
  author = {Jerzy Świątek},
  title = {{Praca dyplomowa -- zalecenia edytorskie}},
  howpublished = {\url{http://www.immt.pwr.wroc.pl/~myszka/INM6816L/Dyplom/dyplom_wyglad_WIZ.html}},
  month = may,
  year = {2006},
  keywords = {Wydział Informatyki i Zarządzania, Praca dyplomowa, zalecenia edytorskie},
  type = {Text},
  url = {http://www.immt.pwr.wroc.pl/~myszka/INM6816L/Dyplom/dyplom_wyglad_WIZ.html}
}

@MISC{docker_compose_reference,
  author = {{Docker Inc.}},
  title = {{Compose file version 3 reference}},
  howpublished = {\url{https://docs.docker.com/compose/compose-file/}},
  type = {Text},
  url = {https://docs.docker.com/compose/compose-file/},
  note = {ost. dost. 12 listopada 2018}
}

%%% Technologies
@Misc{tech:java,
  author       = {{Oracle Corporation}},
  title        = {{Java 8 SE}},
  howpublished = {\url{https://docs.oracle.com/javase/8/docs/}},
  note         = {dostęp 10.05.2019},
  type         = {Text},
  url          = {https://docs.oracle.com/javase/8/docs/},
}

@Misc{tech:nodejs,
  author       = {{Node.js Foundation}},
  title        = {{Node.js 10.15.3 LTS}},
  howpublished = {\url{https://nodejs.org/dist/latest-v10.x/docs/api/}},
  note         = {dostęp 10.05.2019},
  url          = {https://nodejs.org/dist/latest-v10.x/docs/api/},
}

@Misc{tech:spring-cloud-netflix,
  author       = {{Pivotal Software}},
  title        = {{Spring Cloud Netflix}},
  howpublished = {\url{https://spring.io/projects/spring-cloud-netflix}},
  note         = {dostęp 10.11.2019},
  url          = {https://spring.io/projects/spring-cloud-netflix},
}

@Misc{tech:spring,
  author       = {{Pivotal Software}},
  title        = {{Spring Framework 5}},
  howpublished = {\url{https://spring.io/}},
  note         = {dostęp 10.05.2019},
  url          = {https://spring.io/},
}

@Misc{tech:gradle,
  author       = {{Gradle Inc.}},
  title        = {{Gradle 5.4.1}},
  howpublished = {\url{https://gradle.org/}},
  note         = {dostęp 10.09.2019},
  url          = {https://gradle.org/},
}

@Misc{tech:javascript,
  author       = {{W3C}},
  title        = {{JavaScript Web Apis}},
  howpublished = {\url{https://www.w3.org/standards/webdesign/script}},
  note         = {Dostęp 10.11.2019},
  url          = {https://www.w3.org/standards/webdesign/script},
}

@Misc{tech:typescript,
  author       = {{Microsoft}},
  title        = {{TypeScript 3.4}},
  howpublished = {\url{https://www.typescriptlang.org/}},
  note         = {Dostęp 10.05.2019},
  url          = {https://www.typescriptlang.org/},
}

@Misc{tech:angular,
  author       = {{Google}},
  title        = {{Angular 7.2.4}},
  howpublished = {\url{https://angular.io}},
  note         = {Dostęp 10.05.2019},
  url          = {https://angular.io},
}

@Misc{tech:postgresql,
  author       = {{Oracle Corporation}},
  title        = {{MySQL 8.0}},
  howpublished = {\url{https://www.mysql.com/}},
  note         = {Dostęp 27.10.2019},
  url          = {https://www.mysql.com/},
}

@Misc{tech:mysql,
  author       = {{The PostgreSQL Global Development Group}},
  title        = {{PostgreSQL 11.5}},
  howpublished = {\url{https://www.postgresql.org/}},
  note         = {Dostęp 10.09.2019},
  url          = {https://www.postgresql.org/},
}

@Misc{tech:hibernate,
  author       = {{Red Hat}},
  title        = {{Hibernate 5.4}},
  howpublished = {\url{https://hibernate.org/}},
  note         = {Dostęp 10.05.2019},
  url          = {https://hibernate.org/},
}

@Misc{tech:liquibase,
  author       = {{Datical}},
  title        = {{Liquibase 3.6.3}},
  howpublished = {\url{https://www.liquibase.org/}},
  note         = {Dostęp 10.05.2019},
  url          = {https://www.liquibase.org/},
}

@Misc{tech:junit,
  author       = {{The JUnit Team}},
  title        = {{JUnit 5}},
  howpublished = {\url{https://junit.org/junit5/}},
  note         = {Dostęp 10.05.2019},
  url          = {https://junit.org/junit5/},
}

@Misc{tech:mockito,
  author       = {Szczepan Faber},
  title        = {{Mockito 3}},
  howpublished = {\url{https://site.mockito.org/}},
  note         = {Dostęp 10.09.2019},
  url          = {https://site.mockito.org/},
}

@Misc{tech:netflix-oss,
  author       = {{Netflix Inc.}},
  title        = {{Netflix OSS}},
  howpublished = {\url{https://netflix.github.io/}},
  note         = {Dostęp 10.09.2019},
  url          = {https://netflix.github.io/},
}

@Misc{tech:netflix-eureka,
  author       = {{Netflix Inc.}},
  title        = {{Eureka}},
  howpublished = {\url{https://github.com/Netflix/eureka}},
  note         = {Dostęp 10.09.2019},
  url          = {https://github.com/Netflix/eureka},
}

@Misc{tech:netflix-zuul,
  author       = {{Netflix Inc.}},
  title        = {{Zuul Proxy}},
  howpublished = {\url{https://github.com/Netflix/zuul}},
  note         = {Dostęp 10.09.2019},
  url          = {https://github.com/Netflix/zuul},
}

@Misc{tech:netflix-ribbon,
  author       = {{Netflix Inc.}},
  title        = {{Ribbon}},
  howpublished = {\url{https://github.com/Netflix/ribbon}},
  note         = {Dostęp 10.09.2019},
  url          = {https://github.com/Netflix/ribbon},
}

@Misc{tech:netflix-hystrix,
  author       = {{Netflix Inc.}},
  title        = {{Hystrix}},
  howpublished = {\url{https://github.com/Netflix/hystrix}},
  note         = {Dostęp 10.09.2019},
  url          = {https://github.com/Netflix/hystrix},
}

@Misc{tech:protractor,
  author       = {{Google}},
  title        = {{Protractor}},
  howpublished = {\url{https://www.protractortest.org/}},
  note         = {Dostęp 10.09.2019},
  url          = {https://www.protractortest.org/#/},
}

@Misc{tech:jhipster,
  author       = {{JHipster}},
  title        = {{JHipster 6.1.2}},
  howpublished = {\url{https://www.jhipster.tech/}},
  note         = {Dostęp 10.09.2019},
  url          = {https://www.jhipster.tech/},
}

@Misc{tech:jhipster-registry,
author       = {{JHipster}},
title        = {{The JHipster Registry}},
howpublished = {\url{https://www.jhipster.tech/jhipster-registry/}},
note         = {Dostęp 19.11.2019},
url          = {https://www.jhipster.tech/jhipster-registry/},
}

@Misc{tech:gitlab-pipelines,
  author       = {{Gitlab}},
  title        = {{Creating and using CI/CD pipelines}},
  howpublished = {\url{https://docs.gitlab.com/ee/ci/pipelines.html}},
  note         = {Dostęp 10.11.2019},
  url          = {https://docs.gitlab.com/ee/ci/pipelines.html},
}

@Misc{tech:git,
  author       = {{Scott Chacon}},
  title        = {{Git}},
  howpublished = {\url{https://git-scm.com/}},
  note         = {Dostęp 10.09.2019},
  url          = {https://git-scm.com/},
}

@Misc{tech:docker,
  author       = {{Docker Inc.}},
  title        = {{Docker}},
  howpublished = {\url{https://www.docker.com/}},
  note         = {Dostęp 10.09.2019},
  url          = {https://www.docker.com/},
}

@Misc{tech:docker-compose,
  author       = {{Docker Inc.}},
  title        = {{Docker Compose}},
  howpublished = {\url{https://docs.docker.com/compose/}},
  note         = {Dostęp 10.09.2019},
  url          = {https://docs.docker.com/compose/},
}

@Misc{tech:elasticsearch,
  author       = {{Elasticsearch B.V.}},
  title        = {{Elasticsearch}},
  howpublished = {\url{https://www.elastic.co/}},
  note         = {Dostęp 10.09.2019},
  url          = {https://www.elastic.co/},
}

@Misc{tech:html-css,
  author       = {{W3C}},
  title        = {{HTML and CSS}},
  howpublished = {\url{https://www.w3.org/standards/webdesign/htmlcss}},
  note         = {Dostęp 10.09.2019},
  url          = {https://www.w3.org/standards/webdesign/htmlcss},
}

@Misc{tech:sass,
  author       = {Hampton Catlin and Natalie Weizenbaum and Chris Eppstein and Jina Anne},
  title        = {{Sass}},
  howpublished = {\url{https://sass-lang.com/}},
  note         = {Dostęp 10.09.2019},
  url          = {https://sass-lang.com/},
}

@Misc{tech:jest,
  author       = {{Facebook Inc.}},
  title        = {{Jest}},
  howpublished = {\url{https://jestjs.io/}},
  note         = {Dostęp 10.09.2019},
  url          = {https://jestjs.io/},
}

@Misc{tech:bootstrap,
  author       = {{Bootstrap}},
  title        = {{Bootstrap 4.3}},
  howpublished = {\url{https://getbootstrap.com/}},
  note         = {Dostęp 10.09.2019},
  url          = {https://getbootstrap.com/},
}

@Misc{tech:bootswatch,
  author       = {Thomas Park},
  title        = {{Bootswatch Flatly}},
  howpublished = {\url{https://bootswatch.com/flatly/}},
  note         = {Dostęp 10.09.2019},
  url          = {https://bootswatch.com/flatly/},
}

@Misc{tech:font-awesome,
  author       = {{Fonticons Inc.}},
  title        = {{Font Awesome}},
  howpublished = {\url{https://fontawesome.com/}},
  note         = {Dostęp 10.09.2019},
  url          = {https://fontawesome.com/},
}
%%% IT links

@Misc{url:ogicom-privacy-policy,
    author       = {{Ogicom.pl}},
    title        = {{Wzór polityki prywatności}},
    howpublished ={\url{https://www.ogicom.pl/dokumenty/ogicom-wzor-polityka-prywatnosci.rtf}},
    note         = {Dostęp 11.11.2019},
    url          = {https://www.ogicom.pl/dokumenty/ogicom-wzor-polityka-prywatnosci.rtf},
}

@Misc{url:microsoft-web-architectures,
    author       = {{Microsoft}},
    title        = {{Common web application architectures}},
    howpublished ={\url{https://docs.microsoft.com/en-us/dotnet/architecture/modern-web-apps-azure/common-web-application-architectures}},
    note         = {Dostęp 27.10.2019},
    url          = {https://docs.microsoft.com/en-us/dotnet/architecture/modern-web-apps-azure/common-web-application-architectures},
}

@Misc{url:monolith-first,
  author       = {Martin Fowler},
  title        = {{MonolithFirst}},
  howpublished = {\url{https://martinfowler.com/bliki/MonolithFirst.html}},
  note         = {Dostęp 27.10.2019},
  url          = {https://martinfowler.com/bliki/MonolithFirst.html},
}

@Misc{url:jwt,
  author       = {M. Jones and J. Bradley and  N. Sakimura},
  title        = {{JSON Web Token}},
  howpublished = {\url{https://tools.ietf.org/html/rfc7519}},
  note         = {Dostęp 10.09.2019},
  url          = {https://tools.ietf.org/html/rfc7519},
}
@Misc{url:temporal-object-pattern,
  author       = {Martin Fowler},
  title        = {{Temporal Object Pattern}},
  howpublished = {\url{https://martinfowler.com/eaaDev/TemporalObject.html}},
  note         = {Dostęp 10.09.2019},
  url          = {https://martinfowler.com/eaaDev/TemporalObject.html},
}

@Misc{url:evolutionary-database,
author       = {Martin Fowler},
title        = {{Evolutionary Database Design}},
howpublished = {\url{https://martinfowler.com/articles/evodb.html}},
note         = {Dostęp 18.11.2019},
url          = {https://martinfowler.com/articles/evodb.html},
}

@Misc{url:good-ui,
  author       = {Jakub Linowski},
  title        = {{Good UI Patterns}},
  howpublished = {\url{https://goodui.org/}},
  note         = {Dostęp 10.09.2019},
  url          = {https://goodui.org/},
}

@Misc{url:istqb-syllabus,
author       = {{ISTQB}},
title        = {{Foundation Level Syllabus}},
howpublished = {\url{https://www.istqb.org/downloads/syllabi/foundation-level-syllabus.html}},
note         = {Dostęp 20.12.2019},
url          = {https://www.istqb.org/downloads/syllabi/foundation-level-syllabus.html},
}

@Misc{url:google-trends,
author       = {Google},
title        = {{Google Trends}},
howpublished = {\url{https://trends.google.pl}},
note         = {Dostęp 10.09.2019},
url          = {https://trends.google.pl},
}

@Misc{url:pwa,
author       = {Google},
title        = {{Progressive Web Apps}},
howpublished = {\url{https://developers.google.com/web/progressive-web-apps}},
note         = {Dostęp 19.11.2019},
url          = {https://developers.google.com/web/progressive-web-apps},
}

@Misc{tech:ionic,
author       = {{Drifty Co.}},
title        = {{Ionic}},
howpublished = {\url{https://ionicframework.com/}},
note         = {Dostęp 19.11.2019},
url          = {https://ionicframework.com/},
}

@Misc{tech:javadoc,
author       = {{Oracle}},
title        = {{JavaDoc}},
howpublished = {\url{https://docs.oracle.com/javase/8/docs/technotes/tools/windows/javadoc.html}},
note         = {Dostęp 19.11.2019},
url          = {https://docs.oracle.com/javase/8/docs/technotes/tools/windows/javadoc.html},
}

@Misc{tech:swagger,
author       = {{Smartbear}},
title        = {{Swagger}},
howpublished = {\url{https://swagger.io/}},
note         = {Dostęp 19.11.2019},
url          = {https://swagger.io/},
}

@Misc{url:youtube,
author       = {Google},
title        = {{YouTube}},
howpublished = {\url{https://youtube.com}},
note         = {Dostęp 10.09.2019},
url          = {https://youtube.com},
}
%%% IT books
@Book{book:ddd-evans,
  title     = {{Domain-Driven Design. Zapanuj nad złożonym systemem informatycznym}},
  publisher = {Helion},
  year      = {2015},
  author    = {Eric Evans},
  address   = {Gliwice},
  isbn      = {978-83-283-0525-0}
}

@Book{book:ddd-kompendium,
  title     = {{DDD. Kompendium Wiedzy}},
  publisher = {Helion},
  year      = {2018},
  author    = {Vaughn Vernon},
  address   = {Gliwice},
  isbn      = {978-83-283-4279-8}
}

@Book{book:dot-net-microservices,
  title     = {{.NET Microservices: Architecture for Containerized .NET Applications}},
  publisher = {Microsoft},
  year      = {2019},
  author    = {Cesar de la Torre and Bill Wagner and Mike Rousos},
  address   = {Redmond},
  shorttitle = {{.NET Microservices}}
}

@Book{book:ciagle-dostarczanie-oprogramowania,
  title     = {{Ciągłe dostarczanie oprogramowania. Automatyzacja kompilacji, testowania i wdrażania}},
  publisher = {Helion},
  year      = {2015},
  author    = {Jez Humble and David Farley},
  address   = {Gliwice},
  isbn      = {978-83-246-9918-6},
  shorttitle = {{Ciągłe dostarczanie oprogramowania}}
}

@Book{book:java-efektyene-programowanie,
  title     = {{Java. Efektywne programowanie}},
  publisher = {Helion},
  year      = {2018},
  author    = {Joshua Bloch},
  address   = {Gliwice},
  isbn      = {978-83-283-4576-8},
  edition = {3}
}

@Book{book:czysty-kod,
  title     = {{Czysty kod. Podręcznik dobrego programisty}},
  publisher = {Helion},
  year      = {2010},
  author    = {Robert C. Martin},
  address   = {Gliwice},
  isbn      = {978-83-283-1401-6},
  shorttitle = {{Czysty kod}}
}

@Book{book:jakosc-projektow-informatycznych,
  title     = {{Jakość projektów informatycznych. Rozwój i testowanie oprogramowania}},
  publisher = {Helion},
  year      = {2015},
  author    = {Karolina Zmitrowicz},
  address   = {Gliwice},
  isbn      = {978-83-283-2120-5},
  shorttitle = {{Jakość projektów informatycznych}}
}

@Book{book:testy-jednostkowe,
title     = {{Testy jednostkowe. Świat niezawodnych aplikacji}},
publisher = {Helion},
year      = {2014},
author    = {Roy Osherove},
address   = {Gliwice},
isbn      = {978-83-246-8774-9},
shorttitle = {{Testy jednostkowe}},
edition = {2}
}

@Book{book:testowanie-i-jakosc-oprogramowania,
title     = {{Testowanie i jakość oprogramowania}},
publisher = {{Wydawnictwo Naukowe PWN}},
year      = {2015},
author    = {Adam Roman},
address   = {Warszawa},
isbn      = {978-83-01-18392-9},
shorttitle = {{Testowanie i jakość oprogramowania}}
}

@Book{book:testowanie-oprogramowania,
  title     = {{Testowanie oprogramowania. Podręcznik dla początkujących}},
  publisher = {Helion},
  year      = {2014},
  author    = {Rafał Pawlak},
  address   = {Gliwice},
  isbn      = {978-83-246-9308-5},
  shorttitle = {{Testowanie oprogramowania}}
}

@Book{book:wzorce-projektowe,
  title     = {{Wzorce projektowe. Elementy oprogramowania obiektowego wielokrotnego użytku}},
  publisher = {Helion},
  year      = {2010},
  author    = {Erich Gamma and Richard Helm and Ralph Johnson and John Vlissides},
  address   = {Gliwice},
  isbn      = {978-83-283-3313-0},
  shorttitle = {{Wzorce projektowe}}
}

@Book{book:spring-w-akcji,
title     = {{Spring w akcji}},
publisher = {Helion},
year      = {2015},
author    = {Craig Walls},
address   = {Gliwice},
isbn      = {9788328308497},
shorttitle = {{Spring w akcji}},
edition = {4}
}

@Book{book:skalowalne-witryny-internetowe,
  title     = {{Skalowalne witryny internetowe. Budowa, skalowanie i optymalizacja aplikacji internetowych nowej generacji}},
  publisher = {Helion},
  year      = {2007},
  author    = {Cal Henderson},
  address   = {Gliwice},
  isbn      = {978-83-246-0723-5},
  shorttitle = {{Skalowalne witryny internetowe}}
}

@Book{book:single-page-applications,
  title     = {{Single Page Web Applications. Programowanie aplikacji internetowych z JavaScript}},
  publisher = {Helion},
  year      = {2015},
  author    = {Michael Mikowski and Josh Powell},
  address   = {Gliwice},
  isbn      = {978-83-283-0521-2},
  shorttitle = {{Single Page Web Applications}}
}

@Book{book:responsywne-strony-dla-kazdego,
  title     = {{Responsywne strony WWW dla każdego}},
  publisher = {Helion},
  year      = {2015},
  author    = {Clarissa Peterson},
  address   = {Gliwice},
  isbn      = {978-83-283-0035-4}
}

@Book{book:splatana-siec,
  title     = {{Splątana sieć. Przewodnik po bezpieczeństwie nowoczesnych aplikacji WWW}},
  publisher = {Helion},
  year      = {2012},
  author    = {Michał Zalewski},
  address   = {Gliwice},
  isbn      = {978-83-246-4477-3},
  shorttitle = {{Splątana sieć}}
}

@Book{book:mikrouslugi,
  title     = {{Mikrousługi. Wdrażanie i standaryzacja systemów w organizacji inżynierskiej}},
  publisher = {Helion},
  year      = {2017},
  author    = {Susan J. Fowler},
  address   = {Gliwice},
  isbn      = {978-83-283-3682-7},
  shorttitle = {{Mikrousługi}}
}

@Book{book:docker-projektowenie-i-wdrazanie,
  title     = {{Docker. Projektowanie i wdrażanie aplikacji}},
  publisher = {Helion},
  year      = {2017},
  author    = {Jarosław Krochmalski},
  address   = {Gliwice},
  isbn      = {978-83-283-3535-6}
}

%netflix oss
@Book{book:mastering-microservices-with-java9,
  title     = {{Mastering Microservices with Java 9}},
  publisher = {{Packt Publishing}},
  year      = {2017},
  author    = {Sourabh Sharma},
  address   = {Birmingham},
  isbn      = {9781787282414},
  edition = {2}
}

%netflix oss
@Book{book:mastering-spring-cloud,
  title     = {{Mastering Spring Cloud}},
  publisher = {{Packt Publishing}},
  year      = {2018},
  author    = {Piotr Minkowski},
  address   = {Birmingham},
  isbn      = {9781788477246}
}

@Book{book:wprowadzenie-do-systemow-baz-danych,
  title     = {{Wprowadzenie do systemów baz danych}},
  publisher = {Helion},
  year      = {2019},
  author    = {Ramez Elmasri and Shamkant B. Navathe},
  address   = {Gliwice},
  isbn      = {978-83-283-4695-6,},
  edition = {7}
}

@Book{book:microservice-patterns-and-best-practices,
  title     = {{Microservice Patterns and Best Practices}},
  publisher = {{Packt Publishing}},
  year      = {2018},
  author    = {Vinicius Feitosa Pacheco},
  address   = {Birmingham},
  isbn      = {9781788474030}
}

@Book{book:microservices-patterns,
  title     = {{Microservices Patterns}},
  publisher = {{Packt Publishing}},
  year      = {2018},
  author    = {Chris Richardson},
  address   = {Birmingham},
  isbn      = {9781617294549}
}

@Book{book:bazury,
  title     = {{Projektowanie relacyjnych baz danych}},
  publisher = {{Oficyna Wydawnicza Politechniki Wrocławskiej}},
  year      = {2004},
  author    = {Hanna Mazur and Zygmunt Mazur},
  address   = {Wrocław},
  isbn      = {8370858376}
}

@Book{book:inynieria-oprogramowania-w-ujeciu-obiektowym,
  title     = {{Inżynieria oprogramowania w ujęciu obiektowym. UML, wzorce projektowe i Java}},
  publisher = {Helion},
  year      = {2011},
  author    = {Bernd Bruegge and Allen H. Dutoit},
  address   = {Gliwice},
  isbn      = {978-83-246-2872-8},
  shorttitle = {{Inżynieria oprogramowania w ujęciu obiektowym}}
}

%%% Dietetics links
@Misc{url:porownanie-programow-dietetycznych,
author       = {{Redakcja dietetycy.org.pl}},
title        = {{Programy dla dietetyków 2018 – porównanie}},
howpublished = {\url{https://dietetycy.org.pl/programy-dla-dietetykow-2018-porownanie/}},
note         = {Dostęp 28.10.2019},
url          = {https://dietetycy.org.pl/programy-dla-dietetykow-2018-porownanie/},
}

@Misc{url:usda-sr-db,
author       = {{USDA}},
title        = {{USDA National Nutrient Database for Standard Reference, Legacy}},
howpublished = {\url{http://www.ars.usda.gov/Services/docs.htm?docid=8964}},
note         = {Dostęp 28.10.2019},
url          = {http://www.ars.usda.gov/Services/docs.htm?docid=8964},
}

@Misc{url:izz-dostep-do-bazy,
author       = {{Instytut Żywności i Żywienia}},
title        = {{Regulamin dostępu do bazy "Wartość odżywcza produktów spożywczych i potraw"}},
howpublished = {\url{http://www.izz.waw.pl/warto-odywcza-produktow-spoywczych-i-potraw/regulamin-dostpu-do-bazy}},
note         = {Dostęp 28.10.2019},
url          = {http://www.izz.waw.pl/warto-odywcza-produktow-spoywczych-i-potraw/regulamin-dostpu-do-bazy},
}

@Misc{url:fao-pal,
author       = {{Food and Agriculture Organization of the United Nations}},
title        = {{Energy requirements of adults}},
howpublished = {\url{http://www.fao.org/3/y5686e/y5686e07.htm}},
note         = {Dostęp 28.10.2019},
url          = {http://www.fao.org/3/y5686e/y5686e07.htm},
}

@Misc{url:tiqdiet,
author       = {{Spotbeans sp. z o.o.}},
title        = {{TiqDiet}},
howpublished = {\url{https://tiqdiet.com/pl/}},
note         = {Dostęp 13.09.2019},
url          = {https://tiqdiet.com/pl/},
}

@Misc{url:tiqdiet-youtube,
author       = {{TiqDiet}},
title        = {{TiqDiet - tworzenie jadłospisu}},
howpublished = {\url{https://www.youtube.com/watch?v=MOmr6oNHBXA&t=61}},
note         = {Dostęp 31.10.2019},
url          = {https://www.youtube.com/watch?v=MOmr6oNHBXA&t=61},
year         = {2016}
}

@Misc{url:kcalmar,
author       = {{HERMAX sp. z o.o.}},
title        = {{Kcalmar PRO}},
howpublished = {\url{https://kcalmar.com/}},
note         = {Dostęp 13.09.2019},
url          = {https://kcalmar.com/},
}

@Misc{url:kcalmar-youtube,
author       = {{Kcalmar}},
title        = {{Kcalmar.pro - funkcja oznaczania alergenów, produktów nietolerowanych, lubianych i nielubianych}},
howpublished = {\url{https://www.youtube.com/watch?v=e1S8N0Q_oEY&t=58}},
note         = {Dostęp 31.10.2019},
url          = {https://www.youtube.com/watch?v=e1S8N0Q_oEY&t=58},
year         = {2017}
}

@Misc{url:dietetyk-pro,
author       = {{AURA GROUP}},
title        = {{Dietetyk Pro}},
howpublished = {\url{https://program.dietetykpro.pl/}},
note         = {Dostęp 13.09.2019},
url          = {https://program.dietetykpro.pl/},
}

@Misc{url:dietetyk-pro-youtube,
author       = {{dietetykpro}},
title        = {{DietetykPro cz.4 - układanie jadłospisu 1/2}},
howpublished = {\url{https://www.youtube.com/watch?v=y8M3m38AStE&t=140}},
note         = {Dostęp 31.10.2019},
url          = {https://www.youtube.com/watch?v=y8M3m38AStE&t=140},
year         = {2016}
}

@Misc{url:aliant,
author       = {{Anmarsoft}},
title        = {{Aliant Kalkulator dietetyczny}},
howpublished = {\url{https://aliant.com.pl}},
note         = {Dostęp 13.09.2019},
url          = {https://aliant.com.pl},
}

@Misc{url:aliant-youtube,
author       = {{Aliant Kalkulator Dietetyczny}},
title        = {{Kreator jadłospisu}},
howpublished = {\url{https://www.youtube.com/watch?v=De2Acb1BPTU&t=380}},
note         = {Dostęp 31.10.2019},
url          = {https://www.youtube.com/watch?v=De2Acb1BPTU&t=380},
year         = {2018}
}

@Misc{url:dietico,
author       = {{XLTEAM}},
title        = {{Dietico}},
howpublished = {\url{https://dietico.pl/}},
note         = {Dostęp 13.09.2019},
url          = {https://dietico.pl/},
}

@Misc{url:dietico-youtube,
author       = {{Dietico}},
title        = {{Dietico.pl - Wydruk jadłospisu z programu}},
howpublished = {\url{https://www.youtube.com/watch?v=hgVIOQJwB-c&t=21}},
note         = {Dostęp 31.10.2019},
url          = {https://www.youtube.com/watch?v=hgVIOQJwB-c&t=21},
year         = {2018}
}

@Misc{url:vitme,
author       = {{Thomasworks}},
title        = {{Vitme}},
howpublished = {\url{https://vitme.pl/}},
note         = {Dostęp 13.09.2019},
url          = {https://vitme.pl/},
}

@Misc{url:vitme-youtube,
author       = {{Vitme - Programy dla Dietetyków i Branży Spożywczej}},
title        = {{VITME - Program dla Dietetyków i Trenerów Personalnych}},
howpublished = {\url{https://www.youtube.com/watch?v=xxD2q9rcusY&t=112}},
note         = {Dostęp 31.10.2019},
url          = {https://www.youtube.com/watch?v=xxD2q9rcusY&t=112},
year         = {2018}
}
%%% Dietetics books
@ARTICLE{article:dietetyk-na-rynku-uslug-medycznych,
  author = {M. Walczak and G. Krasowska-Walczak},
  title = {{Dietetyk na rynku usług medycznych w Polsce i wybranych krajach}},
  journal = {Zdrowie Publiczne i Zarządzanie},
  year = {2015},
  volume = {13 (2): 204–215},
  abstract = {
  The aim of the article is to analyse and evaluate the importance of the profession of dietetics in the Polish health care system.
  Reason for taking research is the global obesity epidemic and the dysfunctionality of the existing system regulation of the profession dietitian in Poland compared with other countries.
  The existing system of legal and organizational solutions are a major barrier to access by persons with diet-related diseases to necessary medical services or completely prevent you from using them.
  They cause a lot of other negative health, social and economic effect.
  Analysis bwere activities of individual entities that create market for dietary services taking into account the most important public health problems and directions of contemporary health policy.
  The summary contains the postulate of organizational and functional restructuring of the health care system, involving the inclusion of nutritionists to the system in a wider range.
  The postulate is part of a recommended modern model of comprehensive health care.
  Its goal is not only to extend the scope of health services, the reorganization and rationalization of human resources available to the sector, but also to improve the quality, effectiveness and efficiency of the system and increase satisfaction recipients and providers.
  }
}

@Book{book:encyklopedia-dieta,
title     = {{Encyklopedia Powszechna PWN}},
publisher = {{Wydawnictwo Naukowe PWN}},
year      = {2009},
author    = {Bartłomiej Kaczorowski and Wojciech Baturo and Zorico Smochowska and Bartosz Działoszyński and Hadrian Kamiński and Aldona Milusińska and Anna Rossa and Małgorzata Uba and Marta Wilińska and Małgorzata Ziemińska},
address   = {Warszawa},
isbn      = {9788301161569},
volume    = {7}
}

@Book{book:dietoterapia,
  title     = {{Dietoterapia}},
  publisher = {{PZWL}},
  year      = {2017},
  author    = {Dominika Głąbska and Lucyna Kozłowska and Ewa Lange and Dariusz Włodarek},
  address   = {Warszawa},
  isbn      = {9788320048612}
}

@Book{book:tabele-wartosci-odzywczych,
  title     = {{Tabele składu i wartości odżywczej żywności}},
  publisher = {{PZWL}},
  year      = {2017},
  author    = {Hanna Kunachowicz and Beata Przygoda and Irena Nadolna and Krystyna Iwanow},
  address   = {Warszawa},
  isbn      = {9788320053111}
}

@Book{book:praktyczny-podrecznik-dietetyki,
  title     = {{Praktyczny podręcznik dietetyki}},
  publisher = {{Instytut Żywności i Żywienia}},
  year      = {2010},
  author    = {Mirosław Jarosz},
  address   = {Warszawa},
  isbn      = {9788386060771},
  note      = {http://www.wsse.olsztyn.pl/pliki/hzzipu2/Praktyczny-podrecznik-DIETETYKI.pdf}
}

@Book{book:dietetyka-zywienie-zdrowego-i-chorego-czlowieka,
  title     = {{Dietetyka. Żywienie zdrowego i chorego człowieka}},
  publisher = {{PZWL}},
  year      = {2019},
  author    = {Helena Ciborowska and Anna Rudnicka},
  address   = {Warszawa},
  isbn      = {9788320048674},
  edition = {4}
}

@Book{book:normy-zywienia-czlowieka,
  title     = {{Normy żywienia człowieka. Podstawy prewencji otyłości i chorób niezakaźnych}},
  publisher ={{PZWL}},
  year      = {2008},
  author    = {Mirosław Jarosz and Barbara Bułhak-Jachymczyk},
  address   = {Warszawa},
  isbn      = {978-83-200-3421-9}
}

%z tej książki makroelementy: białko, tłuszcze, węglowodany
@Book{book:podstawy-zywienia-i-dietoterapia,
  title     = {{Podstawy żywienia i dietoterapia}},
  publisher = {{Elsevier Urban & Partner}},
  year      = {2011},
  author    = {Nancy J. Peckenpaugh},
  address   = {Wrocław},
  isbn      = {978-83-7609-361-1}
}

@Comment{jabref-meta: databaseType:bibtex;}
